@misc{mnih2014recurrentmodelsvisualattention,
      title={Recurrent Models of Visual Attention}, 
      author={Volodymyr Mnih and Nicolas Heess and Alex Graves and Koray Kavukcuoglu},
      year={2014},
      eprint={1406.6247},
      archivePrefix={arXiv},
      primaryClass={cs.LG},
      url={https://arxiv.org/abs/1406.6247}, 
}